@misc{bib_infoclick,
title={www.infoclick.fr - Langages informatiques et compilation},
note={\url{http://www.infoclick.fr/ccm/langages/langages.htm}},
year={consulté le 10 mars 2011}
}

@misc{bib_scriptol,
title={www.scriptol.fr - Histoire des langages de programmation et leur évolution},
note={\url{http://www.scriptol.fr/programmation/histoire-langages.php}},
year={consulté le 10 mars 2011}
}

@article{bib_dowek,
title={Le langage mathématique et les langages de programmation},
author={Gilles Dowek},
school={INRIA},
note={\url{http://www.lix.polytechnique.fr/~dowek/Vulg/langagelangages.pdf}}
}

@book{bib_knuth,
title={The Art of Computer Programming},
author={Donald Knuth}
}

@misc{bib_levenez,
title={www.levenez.com - Historique complet des langages de programmation},
note={\url{http://www.levenez.com/lang/lang.pdf}}
}

@misc{bib_mandriva,
title={people.mandriva.com - Historique plus concis des langages de programmation},
note={\url{http://people.mandriva.com/~prigaux/language-study/diagram-light.png}}
}

@misc{bib_ucl,
title={www.info.ucl.ac.be - Taxonomie des principaux paradigmes de programmation},
note={\url{http://www.info.ucl.ac.be/~pvr/paradigmes.html}},
year={consulté le 10 mars 2011}
}

@misc{bib_wiki_paradigmes,
title={en.wikipedia.org - Programming paradigm},
note={\url{http://en.wikipedia.org/wiki/Programming\_paradigm}},
year={consulté le 10 mars 2011}
}

@misc{bib_dchaffiol1,
title={dchaffiol.free.fr - Types abstraits},
note={\url{http://dchaffiol.free.fr/info/langages/prg/art\_prg\_Type\_r.htm\#AbstractType}},
year={consulté le 10 mars 2011}
}

@misc{bib_dchaffiol2,
title={dchaffiol.free.fr - Paradigmes},
note={\url{http://dchaffiol.free.fr/info/langages/prg/art\_prg\_Paradigmes\_r.htm}},
year={consulté le 10 mars 2011}
}

@misc{bib_reunion,
title={personnel.univ-reunion.fr - Abstraction de données},
note={\url{http://personnel.univ-reunion.fr/fred/Enseignement/Scheme/SchemeCours/node7.html}},
year={consulté le 10 mars 2011}
}

@misc{bib_univnc,
title={pages.univ-nc.nc - Abstractions de données},
note={\url{http://pages.univ-nc.nc/~touraivane/Java/node3.html\#SECTION02140000000000000000}},
year={consulté le 10 mars 2011}
}

@misc{bib_wiki_adt,
title={en.wikipedia.org - Abstract data type},
note={\url{http://en.wikipedia.org/wiki/Abstract\_data\_type}},
year={consulté le 10 mars 2011}
}

@misc{bib_wiki_typage,
title={fr.wikipedia.org - Typage},
note={\url{http://fr.wikipedia.org/wiki/Typage\#Typage}},
year={consulté le 10 mars 2011}
}

@misc{bib_wiki_inference,
title={en.wikipedia.org - Type inference},
note={\url{http://en.wikipedia.org/wiki/Type\_inference}},
year={consulté le 10 mars 2011}
}

@misc{bib_wiki_inference_cpp,
title={fr.wikipedia.org - C++1x - inférence de type},
note={\url{http://fr.wikipedia.org/wiki/C++1x\#Inf.C3.A9rence\_de\_types}},
year={consulté le 10 mars 2011}
}

@misc{bib_wiki_turing,
title={fr.wikipedia.org - Machine de Turing},
note={\url{http://fr.wikipedia.org/wiki/Machine\_de\_Turing}},
year={consulté le 10 mars 2011}
}

@misc{bib_jdn,
title={www.journaldunet.com - Turing complétude},
note={\url{http://www.journaldunet.com/developpeur/tutoriel/theo/060119-machine-turing-complet.shtml}},
year={consulté le 10 mars 2011}
}

@misc{bib_w3support,
title={fr.w3support.net - Évaluation de la turing-complétude},
note={\url{http://fr.w3support.net/index.php?db=so\&id=449014}},
year={consulté le 10 mars 2011}
}

@misc{bib_wiki_lambda,
title={fr.wikipedia.org - Lambda-calcul},
note={\url{http://fr.wikipedia.org/wiki/Lambda-calcul}},
year={consulté le 10 mars 2011}
}

@misc{bib_tiobe,
title={www.tiobe.com - Programming Community Index},
note={\url{http://www.tiobe.com/tpci.htm}},
year={consulté le 10 mars 2011}
}

@misc{bib_langpop,
title={langpop.com - Programming Language Popularity},
note={\url{http://langpop.com/}},
year={consulté le 10 mars 2011}
}

@misc{bib_compl,
title={c.developpez.com - Outils du C},
note={\url{http://c.developpez.com/compilateurs/}},
year={consulté le 10 mars 2011}
}

@misc{bib_hello,
title={www.helloworldexample.net - Liste de Hello world!},
note={\url{http://www.helloworldexample.net/}},
year={consulté le 10 mars 2011}
}

@misc{bib_wiki_hello,
title={en.wikipedia.org - Hello world program examples},
note={\url{http://en.wikipedia.org/wiki/Hello_world_program_examples}},
year={consulté le 10 mars 2011}
}
